@inproceedings{zhu2016generative,
  title={Generative Visual Manipulation on the Natural Image Manifold},
  author={Zhu, Jun-Yan and Kr{\"a}henb{\"u}hl, Philipp and Shechtman,
                  Eli and Efros, Alexei A.},
  booktitle={Proceedings of European Conference on Computer Vision (ECCV)},
  year={2016}
}

@misc{Kim2017,
Author = {Taeksoo Kim and Moonsu Cha and Hyunsoo Kim and Jung Kwon Lee and Jiwon Kim},
Title = {Learning to Discover Cross-Domain Relations with Generative Adversarial Networks},
Year = {2017},
Eprint = {arXiv:1703.05192},
}

@misc{Goodfellow2014,
Author = {Ian J. Goodfellow and Jean Pouget-Abadie and Mehdi Mirza and
                  Bing Xu and David Warde-Farley and Sherjil Ozair and
                  Aaron Courville and Yoshua Bengio},
Title = {Generative Adversarial Networks},
Year = {2014},
Eprint = {arXiv:1406.2661},
}

@misc{Overview,
Author = {Antonia Creswell and Tom White and Vincent Dumoulin and Kai
                  Arulkumaran and Biswa Sengupta and Anil A Bharath},
Title = {Generative Adversarial Networks: An Overview},
Year = {2017},
Eprint = {arXiv:1710.07035},
}

@misc{SuperRes,
Author = {Christian Ledig and Lucas Theis and Ferenc Huszar and Jose
                  Caballero and Andrew Cunningham and Alejandro Acosta
                  and Andrew Aitken and Alykhan Tejani and Johannes
                  Totz and Zehan Wang and Wenzhe Shi},
Title = {Photo-Realistic Single Image Super-Resolution Using a Generative Adversarial Network},
Year = {2016},
Eprint = {arXiv:1609.04802},
}

@misc{MakeUpGAN,
Author = {Yi Li and Lingxiao Song and Xiang Wu and Ran He and Tieniu Tan},
Title = {Anti-Makeup: Learning A Bi-Level Adversarial Network for Makeup-Invariant Face Verification},
Year = {2017},
Eprint = {arXiv:1709.03654},
}

@InProceedings{Agustsson_2017_CVPR_Workshops,
	author = {Agustsson, Eirikur and Timofte, Radu},
	title = {NTIRE 2017 Challenge on Single Image Super-Resolution: Dataset and Study},
	booktitle = {The IEEE Conference on Computer Vision and Pattern Recognition (CVPR) Workshops},
	month = {July},
	year = {2017}
} 

@misc{VGG,
Author = {Karen Simonyan and Andrew Zisserman},
Title = {Very Deep Convolutional Networks for Large-Scale Image Recognition},
Year = {2014},
Eprint = {arXiv:1409.1556},
}

@inproceedings{imagenet_cvpr09,
        AUTHOR = {Deng, J. and Dong, W. and Socher, R. and Li, L.-J. and Li, K. and Fei-Fei, L.},
        TITLE = {{ImageNet: A Large-Scale Hierarchical Image Database}},
        BOOKTITLE = {CVPR09},
        YEAR = {2009},
        BIBSOURCE = "http://www.image-net.org/papers/imagenet_cvpr09.bib"}

@misc{pascal-voc-2012,
	author = "Everingham, M. and Van~Gool, L. and Williams, C. K. I. and Winn, J. and Zisserman, A.",
	title = "The {PASCAL} {V}isual {O}bject {C}lasses {C}hallenge 2012 {(VOC2012)} {R}esults",
	howpublished = "http://www.pascal-network.org/challenges/VOC/voc2012/workshop/index.html"
	}

@InProceedings{Agustsson_2017_CVPR_Workshops,
	author = {Agustsson, Eirikur and Timofte, Radu},
	title = {NTIRE 2017 Challenge on Single Image Super-Resolution: Dataset and Study},
	booktitle = {The IEEE Conference on Computer Vision and Pattern Recognition (CVPR) Workshops},
	month = {July},
	year = {2017}
} 